@online{ncsuRubric,
  title = {Rubric Best Practices, Examples, and Templates},
  year = {n.d.},
  url = {https://teaching-resources.delta.ncsu.edu/rubric_best-practices-examples-templates/},
  note = {Accessed: 2025-04-06},
  organization = {North Carolina State University}
}
